<?xml version="1.0" encoding="UTF-8"?><record xmlns="http://www.loc.gov/MARC21/slim" xmlns:cinclude="http://apache.org/cocoon/include/1.0" xmlns:zs="http://www.loc.gov/zing/srw/">
  <leader>00485nz  a2200133n  4500</leader>
  <controlfield tag="001">no 93029317 </controlfield>
  <controlfield tag="003">DLC</controlfield>
  <controlfield tag="005">19931028060046.7</controlfield>
  <controlfield tag="008">930930n| acannaab|          |n aaa     c</controlfield>
  <datafield tag="010" ind1=" " ind2=" ">
    <subfield code="a">no 93029317 </subfield>
  </datafield>
  <datafield tag="040" ind1=" " ind2=" ">
    <subfield code="a">InU-Mu</subfield>
    <subfield code="c">InU-Mu</subfield>
  </datafield>
  <datafield tag="100" ind1="1" ind2="0">
    <subfield code="a">Bäumker, Wilhelm,</subfield>
    <subfield code="d">1842-1905</subfield>
  </datafield>
  <datafield tag="670" ind1=" " ind2=" ">
    <subfield code="a">Ein deutsches geistliches Liederbuch, c1895:</subfield>
    <subfield code="b">t.p. (Wilhelm Bäumker; doctor of theology)</subfield>
  </datafield>
  <datafield tag="670" ind1=" " ind2=" ">
    <subfield code="a">Baker, 8th ed.</subfield>
    <subfield code="b">(Bäumker, Wilhelm; b. 10/25/1842, Elberfeld, d. 3/3/05, Rurich; German writer on music)</subfield>
  </datafield>
</record>